
@article{bond2008long,
  title={Long memory and nonlinearity in stock markets},
  author={Bond, Derek and Dyson, Kenneth A},
  journal={Applied Financial Economics Letters},
  volume={4},
  number={1},
  pages={45--48},
  year={2008},
  publisher={Taylor \& Francis}
}


